@misc{wiki-tree-diagram-cite,
  title  = "Tree structure",
  url    = {https://en.wikipedia.org/wiki/Tree_structure},
  year   = "2021",
  month  = "Sep",
  note   = "Accessed: 2022-05-23" }
